@misc{Manley2012,
title = {{Personal Communication}},
author = {Ed Manley},
year = {2012}
}