@article{Miller2010,
author = {Miller, Jameson and Parker, Miles and Bourret, Robert B and Giddings, Morgan C},
doi = {10.1371/journal.pone.0009454},
issn = {1932-6203},
journal = {PloS one},
month = jan,
number = {5},
pages = {e9454},
pmid = {20485527},
title = {{An agent-based model of signal transduction in bacterial chemotaxis.}},
url = {http://www.pubmedcentral.nih.gov/articlerender.fcgi?artid=2869346\&tool=pmcentrez\&rendertype=abstract},
volume = {5},
year = {2010}
}
@article{Helbing2000,
author = {Helbing, D and Farkas, I and Vicsek, T},
doi = {10.1038/35035023},
issn = {0028-0836},
journal = {Nature},
keywords = {Computer Simulation,Crowding,Emergencies,Escape Reaction,Humans,Models, Biological,Panic},
month = sep,
number = {6803},
pages = {487--90},
pmid = {11028994},
title = {{Simulating dynamical features of escape panic.}},
url = {http://www.ncbi.nlm.nih.gov/pubmed/11028994},
volume = {407},
year = {2000}
}
