@article{Allan2009,
author = {Allan, Rob},
file = {:Users/henryaddison/Dropbox/MSc/Individual Project/Reading/ABMS.pdf:pdf},
journal = {Engineering},
title = {{Survey of agent based modelling and simulation tools}},
url = {http://epubs.cclrc.ac.uk/work-details?w=50398},
year = {2009}
}
@article{Berryman2008,
author = {Berryman, Matthew},
file = {:Users/henryaddison/Library/Application Support/Mendeley Desktop/Downloaded/Berryman - 2008 - Review of Software Platforms for Agent Based Models.pdf:pdf},
journal = {Science And Technology},
keywords = {Agent based distillations,Complex systems,Modelling,Software evaluation},
title = {{Review of Software Platforms for Agent Based Models}},
url = {http://dspace.dsto.defence.gov.au/dspace/handle/1947/9306},
year = {2008}
}
@article{Bonabeau2002,
author = {Bonabeau, Eric},
file = {:Users/henryaddison/Dropbox/MSc/Individual Project/Reading/ABM-bonabeau.pdf:pdf},
journal = {Proceedings of the National Academy of},
title = {{Agent-based modeling: Methods and techniques for simulating human systems}},
url = {http://www.pnas.org/content/99/suppl.3/7280.short},
volume = {99},
year = {2002}
}
@article{Brackstone2000,
author = {Brackstone, Mark and McDonald, M},
file = {:Users/henryaddison/Dropbox/MSc/Individual Project/Reading/1-s2.0-S136984780000005X-main copy.pdf:pdf},
isbn = {4417035946},
journal = {Transportation Research Part F: Traffic Psychology and Behaviour},
keywords = {calibration,car-following,microscopic simulation modelling,time-series},
number = {1999},
pages = {181--196},
title = {{Car-following: a historical review}},
url = {http://www.sciencedirect.com/science/article/pii/S136984780000005X},
volume = {2},
year = {1999}
}
@article{Chen2010,
author = {Chen, Bo and Cheng, Harry H and Member, Senior},
file = {:Users/henryaddison/Dropbox/MSc/Individual Project/Reading/ABM traffic uses review.pdf:pdf},
number = {2},
pages = {485--497},
title = {{A Review of the Applications of Agent Technology in Traffic and Transportation Systems}},
volume = {11},
year = {2010}
}
@misc{Concept2,
author = {Concept2},
title = {{Concept2: Oar Length}},
url = {http://www.concept2.com/oars/oar-options/length},
urldate = {02/09/12},
year = {2012}
}
@misc{CUCBC,
author = {CUCBC},
title = {{CUCBC Handbook}},
url = {http://www.cucbc.org/handbook},
urldate = {30/03/12},
year = {2012}
}
@article{Ghoseiri2004,
author = {Ghoseiri, Keivan and Szidarovszky, Ferenc and Asgharpour, Mohammad Jawad},
doi = {10.1016/j.trb.2004.02.004},
file = {:Users/henryaddison/Dropbox/MSc/Individual Project/Reading/1-s2.0-S0191261504000098-main.pdf:pdf},
isbn = {1520621655},
issn = {01912615},
journal = {Transportation Research Part B: Methodological},
keywords = {distance-based,e-constraint method,multi-objective programming,pareto frontier,train scheduling},
month = dec,
number = {10},
pages = {927--952},
title = {{A multi-objective train scheduling model and solution}},
url = {http://linkinghub.elsevier.com/retrieve/pii/S0191261504000098},
volume = {38},
year = {2004}
}
@article{Gilbert2002,
author = {Gilbert, Nigel and Bankes, Steven},
doi = {10.1073/pnas.072079499},
file = {:Users/henryaddison/Library/Application Support/Mendeley Desktop/Downloaded/Gilbert, Bankes - 2002 - Platforms and methods for agent-based modeling.pdf:pdf},
issn = {0027-8424},
journal = {Proceedings of the National Academy of Sciences of the United States of America},
month = may,
number = {90003},
pages = {7197--8},
pmid = {12011398},
title = {{Platforms and methods for agent-based modeling.}},
url = {http://www.pnas.org/cgi/content/abstract/99/suppl\_3/7197},
volume = {99 Suppl 3},
year = {2002}
}
@article{Gipps1981,
author = {Gipps, PG},
file = {:Users/henryaddison/Dropbox/MSc/Individual Project/Reading/1-s2.0-0191261581900370-main.pdf:pdf},
journal = {Transportation Research Part B: Methodological},
number = {2},
title = {{A behavioural car-following model for computer simulation}},
url = {http://www.sciencedirect.com/science/article/pii/0191261581900370},
volume = {I},
year = {1981}
}
@online{Janousek,
author = {Janousek},
file = {:Users/henryaddison/Library/Application Support/Mendeley Desktop/Downloaded/Unknown - Unknown - Janousek Racing Boats - Janousek JK Eight.html:html},
keywords = {boats,carbon fibre,coxless four,double,eight,fisa,heat cure lamination,honeycomb sandwich core,janousek,materials,oars,olympics,pair,quad sculls,quadruple sculls,racing rowing,racing shell,regatta,robust,rowing,sculls,sectional eight,single sculls,st\"{a}mpfli,world championships},
title = {{Janousek Racing Boats - Janousek JK Eight}},
url = {http://www.janousek.co.uk/boats/eights/},
urldate = {05/06/12},
year = {2012}
}
@article{Kochenderfer2003,
annote = {Nice description of how to apply GP to a particular set of problems and creating teleo-reactive programs to solve it. Plus useful to have confirmed a way to break TR programs down into trees (and the conditions and actions themselves).},
author = {Kochenderfer, M},
doi = {10.1007/3-540-36599-0\_8},
file = {:Users/henryaddison/Dropbox/MSc/Individual Project/Reading/kochenderfer03.pdf:pdf},
journal = {Springer Lecture Notes on Computer Science},
pages = {83--92},
title = {{Evolving hierarchical and recursive teleo-reactive programs through genetic programming}},
url = {http://www.springerlink.com/index/43a72k98q6rfha60.pdf},
volume = {2610/2003},
year = {2003}
}
@article{Kotusevski2009,
author = {Kotusevski, G and Hawick, K A},
file = {:Users/henryaddison/Dropbox/MSc/Individual Project/Reading/TrafficSimulatorReview\_arlims copy.pdf:pdf},
journal = {Conf. Information and Mathematical \ldots},
keywords = {algorithm,metrics,software review,tra c simulation,vehicular tra c},
pages = {35--54},
title = {{A Review of Traffic Simulation Software}},
url = {http://www.massey.ac.nz/~kahawick/cstn/095/cstn-095.pdf},
volume = {13},
year = {2009}
}
@article{Liu2006,
author = {Liu, Hong and Li, Ping and Li, Bojian and Wen, Yu},
doi = {10.1109/WCICA.2006.1713666},
file = {:Users/henryaddison/Dropbox/MSc/Individual Project/Reading/01713666 copy.pdf:pdf},
isbn = {1-4244-0332-4},
journal = {2006 6th World Congress on Intelligent Control and Automation},
pages = {8635--8639},
publisher = {Ieee},
title = {{Lane-Based Network Data Model for Micro-Traffic Flow Simulation}},
url = {http://ieeexplore.ieee.org/lpdocs/epic03/wrapper.htm?arnumber=1713666},
year = {2006}
}
@article{Lowry2011,
author = {Lowry, Michael B. and Laninga, Tamara and Zimmerman, Monica and Kingsbury, Kevin T.},
doi = {10.3141/2244-14},
file = {:Users/henryaddison/Dropbox/MSc/Individual Project/Reading/Recreational River Boat Management using Traffic Sim Software.pdf:pdf},
issn = {0361-1981},
journal = {Transportation Research Record: Journal of the Transportation Research Board},
month = dec,
number = {-1},
pages = {107--115},
title = {{Using Traffic Simulation Software to Manage Recreational River Boats on Public Lands}},
url = {http://trb.metapress.com/openurl.asp?genre=article\&id=doi:10.3141/2244-14},
volume = {2244},
year = {2011}
}
@online{Malleson,
author = {Malleson, Nick},
file = {:Users/henryaddison/Library/Application Support/Mendeley Desktop/Downloaded/Unknown - Unknown - repastcity - A simple Repast Simphony virtual city model. - Google Project Hosting.html:html},
title = {{repastcity - A simple Repast Simphony virtual city model. - Google Project Hosting}},
url = {http://code.google.com/p/repastcity/},
urldate = {2012-08-15},
year = {2012}
}
@article{Nilsson1994,
author = {Nilsson, Nils J},
file = {:Users/henryaddison/Dropbox/MSc/Individual Project/Reading/teleoreactive programs nilsson.pdf:pdf},
journal = {Journal of Artificial Intelligence Research},
pages = {139--158},
title = {{Teleo-Reactive Programs for Agent Control}},
url = {http://arxiv.org/pdf/cs/9401101v1},
volume = {1},
year = {1994}
}
@online{QCBC,
author = {QCBC},
file = {:Users/henryaddison/Library/Application Support/Mendeley Desktop/Downloaded/Unknown - Unknown - Spinning manoeuvre in an eight.html:html},
keywords = {1304,IMG},
title = {{Spinning manoeuvre in an eight}},
url = {http://www.youtube.com/watch?v=ipLMgvkMA54},
urldate = {17/08/12},
year = {2012}
}
@online{Repast,
author = {Repast},
file = {:Users/henryaddison/Library/Application Support/Mendeley Desktop/Downloaded/Unknown - Unknown - Repast Suite Support.html:html},
keywords = {Repast Simphony HPC Agent-based Modeling Simulatio},
title = {{Repast Suite Support}},
url = {http://repast.sourceforge.net/support.html},
date = {n.d.},
urldate = {2012-08-15},
year = {2012}
}
@book{Sterling2009,
author = {Sterling, Leon S. and Taveter, Kulder},
isbn = {978-0-262-01311-6},
publisher = {MIT Press},
title = {{The Art of Agent-Oriented Modeling}},
year = {2009}
}
