@misc{Manley2012,
title = {{Personal Communication}},
author = {Manley, Ed},
date = {2012-06-11}
}
@misc{Manley,
author = {Manley, Ed},
title = {{Simulation of Non-Recurrent Congestion on Urban Road Network}}
}